@book{archi,
    author = {Michael Wooldridge},
    title = " An Introduction to MultiAgent Systems ",
    year = {2009},
    pages = {C3}
}

@book{archi-translate,
    author = {Michael Wooldridge},
    title = " An Introduction to MultiAgent Systems ",
    year = {2009},
    pages = {C3}
}

@misc{Gero_Agent_Societies,
  author = {John S. Gero},
  title = {AGENT SOCIETIES},
  howpublished = {Slide presentation},
  url = {https://slideplayer.com/slide/4795301/}
}

@techreport{marir_systemes_multi_agents,
  author       = {Marir Toufik},
  title        = {Les Systèmes Multi-Agents},
  institution  = {Université Larbi Ben M'hidi -- Oum El Bouaghi},
  year         = {2016/2017},
  type         = {Support de cours},
  address      = {Oum El Bouaghi, Algérie},
  note         = {Destiné aux étudiants de 2ème année Master, Option: Architectures Distribuées, Département des Mathématiques et d'Informatique, Faculté des Sciences Exactes et Sciences de la Nature et de la Vie}
}

@book{pdf1,
    author = {Batchakui Bernabé},
    title = "Cours SMA Chapitre2 Typologie Agent",
    institution  = {Ecole Nationale Supérieure Polytechnique de Yaoundé},
    year = {2024},
    note = {Destiné aux étudiants du niveau 4 Génie Informatique, Ecole Nationale Supérieure Polytechnique de Yaoundé}
}

@misc{drawio,
  title        = {Draw io},
  author       = {{-}},
  year         = {2024},
  url          = {https://app.diagrams.net/},
}


